%% This BibTeX bibliography file was created using BibDesk.
%% http://bibdesk.sourceforge.net/


%% Created for Stefan Lindt at 2021-01-26 19:54:01 +0100 


%% Saved with string encoding Unicode (UTF-8) 



@article{wine-data,
	author = {P. Cortez and A. Cerdeira and F. Almeida and T. Matos and J. Reis.},
	date-added = {2021-01-26 19:40:48 +0100},
	date-modified = {2021-01-26 19:53:53 +0100},
	journal = {Decision Support Systems},
	number = {4},
	pages = {547-553},
	title = {Modeling wine preferences by data mining from physicochemical properties},
	volume = {47},
	year = {2009}}
